<?xml version="1.0" encoding="UTF-8"?><collection xmlns="http://www.loc.gov/MARC21/slim"><record><leader>00534nam--2200181-i-4500</leader><controlfield tag="001">000003041</controlfield><controlfield tag="002">20161230</controlfield><controlfield tag="005">20161230201025</controlfield><controlfield tag="008">060222s1000------------r-----000-0-fre-d</controlfield><datafield ind1=" " ind2=" " tag="041"><subfield code="a">fre</subfield></datafield><datafield ind1=" " ind2=" " tag="080"><subfield code="a">537.531:620.18</subfield></datafield><datafield ind1="1" ind2=" " tag="100"><subfield code="a">Blin, Jean</subfield></datafield><datafield ind1="1" ind2="0" tag="245"><subfield code="a">Diffusion centrale des rayons x par les metaux</subfield><subfield code="b">Preface de g. chaudron</subfield><subfield code="c">Jean blin</subfield></datafield><datafield ind1=" " ind2=" " tag="260"><subfield code="a">Paris</subfield><subfield code="b">Sdit</subfield><subfield code="c">1956</subfield></datafield><datafield ind1=" " ind2=" " tag="300"><subfield code="a">III + 97 P</subfield></datafield><datafield ind1=" " ind2=" " tag="490"><subfield code="a">Publications Scientifiques Et Techniques Du Ministere De L'Air</subfield></datafield><datafield ind1=" " ind2=" " tag="852"><subfield code="a">12002</subfield><subfield code="c">537.531</subfield></datafield><datafield ind1=" " ind2=" " tag="CAT"><subfield code="a">Sys</subfield><subfield code="c">20110808</subfield><subfield code="h">121742</subfield></datafield></record></collection>